@article{mohri,
  url={http://citeseerx.ist.psu.edu/viewdoc/download?doi=10.1.1.367.5897&rep=rep1&type=pdf},
  DOI={10.1.1.367.5897},
  journal={Semiring Frameworks and Algorithms for Shortest-Distance Problems},
  author={Mohri, Mehryar}
}
@online{speyer,
  author = {David Speyer},
  title = {Tropical Mathematics},
  year = 2004,
  url = {https://math.berkeley.edu/~bernd/mathmag.pdf},
}
@online{antimatroid,
  author = {Antimatroid},
  title = {Tropical Representation of the All Pairs Shortest Path Problem},
  year = 2012,
  url = {https://antimatroid.wordpress.com/2012/06/01/tropical-representation-of-the-all-pairs-shortest-path-problem/},
}
