@misc{wolfram:1,
  title = {Fourier Series},
  author = {Eric, Weisstein},
  howpublished = {\url{http://mathworld.wolfram.com/FourierSeries.html}},
  month = feb,
  year = {2018},
  note = {Accessed: 2010-09-30}
},
@Article{cooley:1,
  title={An Algorithm for the Machine Calculation of Complex Fourier Series},
  journal={Springer Series in Statistics Breakthroughs in Statistics},
  author={Cooley and Tukey},
  year={1965}

},
@book{motchenbacher:1,
  place={New York},
  title={Low-noise electronic system design},
  publisher={John Wiley and Sons},
  author={Motchenbacher, C. D. and Connelly, J. A.},
  year={1993}
},
@article{ramos:1,
  title={Roundoff Error Analysis of the Fast Fourier Transform},
  volume={25}, DOI={10.2307/2004342},
  number={116},
  journal={Mathematics of Computation},
  author={Ramos, George U.},
  year={1971},
  pages={757}
}